@book{berk2016a,
  author = {Berk, Richard},
  title = {Statistical learning from a regression perspective},
  year = {2016},
  publisher = {Springer},
  address = {USA}
}


